@article{Author:year:XYZ,
 author = {Name1, Firstname 1 and Name2, Firstname2},
 title = {A dummy title},
 journal = {A Fake Journal},
 issue_date = {June YYYY},
 volume = {1},
 number = {1},
 month = jun,
 year = {YYYY},
 issn = {0000-0000},
 pages = {000--000},
 numpages = {10},
}

@article{umuroglu2013shmacsim,
    title={SHMACsim: A Cycle-accurate Simulation Infrastructure for the Heterogeneous SHMAC Multi-Core Prototype},
    author={Umuroglu, Yaman},
    year={2013},
    publisher={Institutt for datateknikk og informasjonsvitenskap}
}

@article{rundehvatum2013exploring,
    title = {\hyperref[energy]{Exploring Instruction Level Energy Efficiency}},
    author = {Runde, Terje and Hvatum, Stian},
    year = {2013},
    publisher={Institutt for datateknikk og informasjonsvitenskap}
}

@article{nikolaidis2005instruction,
    title={Instruction level energy modeling for pipelined processors},
    author={Nikolaidis, Spiridon and Kavvadias, Nikolaos and Laopoulos, Theodore and Bisdounis, Labros and Blionas, Spyros},
    journal={Journal of Embedded Computing},
    volume={1},
    number={3},
    pages={317--324},
    year={2005},
    publisher={IOS Press}
}


